@article{Blei:2003:LDA:944919.944937,
 author = {Blei, David M. and Ng, Andrew Y. and Jordan, Michael I.},
 title = {Latent Dirichlet Allocation},
 journal = {J. Mach. Learn. Res.},
 issue_date = {3/1/2003},
 volume = {3},
 month = mar,
 year = {2003},
 issn = {1532-4435},
 pages = {993--1022},
 numpages = {30},
 url = {http://dl.acm.org/citation.cfm?id=944919.944937},
 acmid = {944937},
 publisher = {JMLR.org},
} 

@unpublished{McCallumMALLET,
     author = "Andrew Kachites McCallum",
     title = "MALLET: A Machine Learning for Language Toolkit",
     note = "http://mallet.cs.umass.edu",
     year = 2002}
     

@article{SNA2002,
author = {Evelien Otte and Ronald Rousseau},
title ={Social network analysis: a powerful strategy, also for the information sciences},
journal = {Journal of Information Science},
volume = {28},
number = {6},
pages = {441-453},
year = {2002},
}

@inproceedings{san2014simple,
  title={Simple, robust and (almost) unsupervised generation of polarity lexicons for multiple languages},
  author={San Vicente, Inaki and Agerri, Rodrigo and Rigau, German},
  booktitle={Proceedings of the 14th Conference of the European Chapter of the Association for Computational Linguistics},
  pages={88--97},
  year={2014}
}


@Article{russell1980circumplex,
  Title                    = {A circumplex model of affect.},
  Author                   = {Russell, James A},
  Journal                  = {Journal of personality and social psychology},
  Year                     = {1980},
  Number                   = {6},
  Pages                    = {1161},
  Volume                   = {39},
  OPTpublisher                = {American Psychological Association}
}

@InProceedings{cambria2010senticnet,
  Title                    = {Senticnet: A publicly available semantic resource for opinion mining.},
  Author                   = {Cambria, Erik and Speer, Robert and Havasi, Catherine and Hussain, Amir},
  Booktitle                = {AAAI fall symposium: commonsense knowledge},
  Year                     = {2010},
  Volume                   = {10}
}

@article{pang2008opinion,
  title={Opinion mining and sentiment analysis},
  author={Pang, Bo and Lee, Lillian and others},
  journal={Foundations and Trends{\textregistered} in Information Retrieval},
  volume={2},
  number={1--2},
  pages={1--135},
  year={2008},
  publisher={Now Publishers, Inc.}
}

@incollection{aggarwal2012survey,
  title={A survey of text classification algorithms},
  author={Aggarwal, Charu C and Zhai, ChengXiang},
  booktitle={Mining text data},
  pages={163--222},
  year={2012},
  publisher={Springer}
}

@article{liu2012sentiment,
  title={Sentiment analysis and opinion mining},
  author={Liu, Bing},
  journal={Synthesis lectures on human language technologies},
  volume={5},
  number={1},
  pages={1--167},
  year={2012},
  publisher={Morgan \& Claypool Publishers}
}

@article{Shams2017,
author = {Shams, Mohammadreza and Baraani-Dastjerdi, Ahmad},
year = {2017},
title = {Enriched LDA (ELDA): Combination of latent Dirichlet allocation with word co-occurrence analysis for aspect extraction},
volume = {80},
journal = {Expert Systems with Applications}
}

@article{Zhang2019,
author = {Zhang, Kai and Zhang, Hefu and Liu, Qi and Zhao, Hongke and Zhu, Hengshu and Chen, Enhong},
year = {2019},
pages = {5773-5780},
title = {Interactive Attention Transfer Network for Cross-Domain Sentiment Classification},
volume = {33},
journal = {Proceedings of the AAAI Conference on Artificial Intelligence}
}

@article{,
  author    = {Minmin Chen and
               Zhixiang Eddie Xu and
               Kilian Q. Weinberger and
               Fei Sha},
  title     = {Marginalized Denoising Autoencoders for Domain Adaptation},
  journal   = {CoRR},
  year      = {2012}
}

@inproceedings{Chen2012,
  author    = {Minmin Chen and
               Zhixiang Eddie Xu and
               Kilian Q. Weinberger and
               Fei Sha},
  title     = {Marginalized Denoising Autoencoders for Domain Adaptation},
  booktitle = {Proceedings of the 29th International Conference on Machine Learning,
               {ICML} 2012, Edinburgh, Scotland, UK, June 26 - July 1, 2012},
  year      = {2012}
}


@InProceedings{pmlr-v15-glorot11a,
  title = 	 {Deep Sparse Rectifier Neural Networks},
  author = 	 {Xavier Glorot and Antoine Bordes and Yoshua Bengio},
  booktitle = 	 {Proceedings of the Fourteenth International Conference on Artificial Intelligence and Statistics},
  pages = 	 {315--323},
  year = 	 {2011},
  volume = 	 {15},
  address = 	 {Fort Lauderdale, FL, USA}
}

@inproceedings{LiTao2009,
  author    = {Tao Li and
               Vikas Sindhwani and
               Chris H. Q. Ding and
               Yi Zhang},
  title     = {Knowledge transformation for cross-domain sentiment classification},
  booktitle = {Proceedings of the 32nd Annual International {ACM} {SIGIR} Conference on Research and Development in Information Retrieval, {SIGIR} 2009, Boston, MA, USA, July 19-23, 2009},
  pages     = {716--717},
  year      = {2009}
}

@inproceedings{Pan:2010:CSC:1772690.1772767,
 author = {Pan, Sinno Jialin and Ni, Xiaochuan and Sun, Jian-Tao and Yang, Qiang and Chen, Zheng},
 title = {Cross-domain Sentiment Classification via Spectral Feature Alignment},
 booktitle = {Proceedings of the 19th International Conference on World Wide Web},
 year = {2010},
 pages = {751--760},
 address = {New York, NY, USA},
} 


@inproceedings{Blitzer:2006:DAS:1610075.1610094,
 author = {Blitzer, John and McDonald, Ryan and Pereira, Fernando},
 title = {Domain Adaptation with Structural Correspondence Learning},
 booktitle = {Proceedings of the 2006 Conference on Empirical Methods in Natural Language Processing},
 year = {2006},
 pages = {120--128},
 address = {Stroudsburg, PA, USA},
} 

@inproceedings{Lin:2009:JSM:1645953.1646003,
 author = {Lin, Chenghua and He, Yulan},
 title = {Joint Sentiment/Topic Model for Sentiment Analysis},
 booktitle = {Proceedings of the 18th ACM Conference on Information and Knowledge Management},
 year = {2009},
 pages = {375--384},
 address = {New York, NY, USA}
} 

@inproceedings{Hu:2013:USA:2488388.2488442,
 author = {Hu, Xia and Tang, Jiliang and Gao, Huiji and Liu, Huan},
 title = {Unsupervised Sentiment Analysis with Emotional Signals},
 booktitle = {Proceedings of the 22Nd International Conference on World Wide Web},
 year = {2013},
 pages = {607--618},
 address = {New York, NY, USA}
} 


@article{Taboada,
author = {Taboada, Maite and Brooke, Julian and Tofiloski, Milan and Voll, Kimberly and Stede, Manfred},
title = {Lexicon-Based Methods for Sentiment Analysis},
journal = {Computational Linguistics},
volume = {37},
number = {2},
pages = {267-307},
year = {2011}
}

@ARTICLE{Wang8672602,
author={R. {Wang} and D. {Zhou} and M. {Jiang} and J. {Si} and Y. {Yang}},
journal={IEEE Access},
title={A Survey on Opinion Mining: From Stance to Product Aspect},
year={2019},
volume={7},
pages={41101-41124}
}

@INPROCEEDINGS{Baccianella10sentiwordnet3.0:,
    author = {Stefano Baccianella and Andrea Esuli and Fabrizio Sebastiani},
    title = {SentiWordNet 3.0: An Enhanced Lexical Resource for Sentiment Analysis and Opinion Mining},
    booktitle = {in Proc. of LREC},
    year = {2010}
}

@article{Al-Kabi2014,
author = {Mohammed N. Al-Kabi and Amal H. Gigieh and Izzat M. Alsmadi and Heider A. Wahsheh and Mohamad M. Haidar},
title = {Opinion Mining and Analysis for Arabic Language},
journal = {International Journal of Advanced Computer Science and Applications},
year = {2014},
volume = {5},
number = {5}
} 

@article{Wordnet10.1093/ijl/3.4.235,
    author = {Miller, George A. and Beckwith, Richard and Fellbaum, Christiane and Gross, Derek and Miller, Katherine J.},
    title = "{Introduction to WordNet: An On-line Lexical Database*}",
    journal = {International Journal of Lexicography},
    volume = {3},
    number = {4},
    pages = {235-244},
    year = {1990}
}


@inproceedings{Qiu:2009:SSM:1645953.1646072,
 author = {Qiu, Likun and Zhang, Weishi and Hu, Changjian and Zhao, Kai},
 title = {SELC: A Self-supervised Model for Sentiment Classification},
 booktitle = {Proceedings of the 18th ACM Conference on Information and Knowledge Management},
 year = {2009},
 pages = {929--936},
 address = {New York, NY, USA}
} 

@inproceedings{ng-etal-2006-examining,
    title = "Examining the Role of Linguistic Knowledge Sources in the Automatic Identification and Classification of Reviews",
    author = "Ng, Vincent  and
      Dasgupta, Sajib  and
      Arifin, S. M. Niaz",
    booktitle = "Proceedings of the {COLING}/{ACL} 2006 Main Conference Poster Sessions",
    year = "2006",
    address = "Sydney, Australia",
    pages = "611--618",
}

@inproceedings{Xia:2010:EUW:1944566.1944719,
 author = {Xia, Rui and Zong, Chengqing},
 title = {Exploring the Use of Word Relation Features for Sentiment Classification},
 booktitle = {Proceedings of the 23rd International Conference on Computational Linguistics: Posters},
 year = {2010},
 pages = {1336--1344},
 address = {Stroudsburg, PA, USA},
} 

@inproceedings{Dave:2003:MPG:775152.775226,
 author = {Dave, Kushal and Lawrence, Steve and Pennock, David M.},
 title = {Mining the Peanut Gallery: Opinion Extraction and Semantic Classification of Product Reviews},
 booktitle = {Proceedings of the 12th International Conference on World Wide Web},
 year = {2003},
 pages = {519--528},
 address = {New York, NY, USA}
} 


@inproceedings{Turney:2002:TUT:1073083.1073153,
 author = {Turney, Peter D.},
 title = {Thumbs Up or Thumbs Down?: Semantic Orientation Applied to Unsupervised Classification of Reviews},
 booktitle = {Proceedings of the 40th Annual Meeting on Association for Computational Linguistics},
 year = {2002},
 pages = {417--424},
 address = {Stroudsburg, PA, USA},
}

@inproceedings{Pang:2002:TUS:1118693.1118704,
 author = {Pang, Bo and Lee, Lillian and Vaithyanathan, Shivakumar},
 title = {Thumbs Up?: Sentiment Classification Using Machine Learning Techniques},
 booktitle = {Proceedings of the ACL-02 Conference on Empirical Methods in Natural Language Processing - Volume 10},
 series = {EMNLP '02},
 year = {2002},
 pages = {79--86},
 address = {Stroudsburg, PA, USA},
} 

@InProceedings{Hu2004a,
  Title                    = {Mining opinion features in customer reviews},
  Author                   = {Hu, Minqing and Liu, Bing},
  Booktitle                = {{AAAI'04:} Proceedings of the 19th national conference on Artifical intelligence},
  Year                     = {2004},

  Address                  = {San Jose, California},
  Pages                    = {755-760},

  ISBN                     = {0-262-51183-5},
  Keywords                 = {534l, mining, opinion},
  Owner                    = {isanvi},
  Timestamp                = {2018.02.15}
}

@inproceedings{Finn2002GenreCA,
  title={Genre Classification and Domain Transfer for Information Filtering},
  author={Aidan Finn and Nicholas Kushmerick and Barry Smyth},
  booktitle={ECIR},
  year={2002}
}

@inproceedings{Wiebe:1999:DUG:1034678.1034721,
 author = {Wiebe, Janyce M. and Bruce, Rebecca F. and O'Hara, Thomas P.},
 title = {Development and Use of a Gold-standard Data Set for Subjectivity Classifications},
 booktitle = {Proceedings of the 37th Annual Meeting of the Association for Computational Linguistics on Computational Linguistics},
 series = {ACL '99},
 year = {1999},
 pages = {246--253},
 address = {Stroudsburg, PA, USA},
} 


@inproceedings{Dai19,
  author    = {Zihang Dai and
               Zhilin Yang and
               Yiming Yang and
               Jaime G. Carbonell and
               Quoc Viet Le and
               Ruslan Salakhutdinov},
  title     = {Transformer-XL: Attentive Language Models beyond a Fixed-Length Context},
  booktitle = {Proceedings of the 57th Conference of the Association for Computational
               Linguistics, {ACL} 2019, Florence, Italy, July 28- August 2, 2019,
               Volume 1: Long Papers},
  pages     = {2978--2988},
  year      = {2019},
}

@inproceedings{Devlin18,
  author    = {Jacob Devlin and
               Ming{-}Wei Chang and
               Kenton Lee and
               Kristina Toutanova},
  title     = {{BERT:} Pre-training of Deep Bidirectional Transformers for Language
               Understanding},
  booktitle = {Proceedings of the 2019 Conference of the North American Chapter of
               the Association for Computational Linguistics: Human Language Technologies,
               {NAACL-HLT} 2019, Minneapolis, MN, USA, June 2-7, 2019, Volume 1 (Long
               and Short Papers)},
  pages     = {4171--4186},
  year      = {2019}
}

@inproceedings{VaswaniSPUJGKP17,
  author    = {Ashish Vaswani and
               Noam Shazeer and
               Niki Parmar and
               Jakob Uszkoreit and
               Llion Jones and
               Aidan N. Gomez and
               Lukasz Kaiser and
               Illia Polosukhin},
  title     = {Attention is All you Need},
  booktitle = {Advances in Neural Information Processing Systems 30: Annual Conference
               on Neural Information Processing Systems 2017, 4-9 December 2017,
               Long Beach, CA, {USA}},
  pages     = {5998--6008},
  year      = {2017}
}


@inproceedings{Artetxe:journals/corr/abs-1805-06297,
  author    = {Mikel Artetxe and
               Gorka Labaka and
               Eneko Agirre},
  title     = {A robust self-learning method for fully unsupervised cross-lingual
               mappings of word embeddings},
  booktitle = {Proceedings of the 56th Annual Meeting of the Association for Computational
               Linguistics, {ACL} 2018, Melbourne, Australia, July 15-20, 2018, Volume
               1: Long Papers},
  pages     = {789--798},
  year      = {2018}
}

@article{Ratner:journals/corr/abs-1711-10160,
  author    = {Alexander Ratner and
               Stephen H. Bach and
               Henry R. Ehrenberg and
               Jason Alan Fries and
               Sen Wu and
               Christopher R{\'{e}}},
  title     = {Snorkel: Rapid Training Data Creation with Weak Supervision},
  journal   = {{PVLDB}},
  volume    = {11},
  number    = {3},
  pages     = {269--282},
  year      = {2017}
}

@inproceedings{bergmanis-etal-2017-training,
    title = "Training Data Augmentation for Low-Resource Morphological Inflection",
    author = {Bergmanis, Toms  and
      Kann, Katharina  and
      Sch{\"u}tze, Hinrich  and
      Goldwater, Sharon},
    booktitle = "Proceedings of the {C}o{NLL} {SIGMORPHON} 2017 Shared Task: Universal Morphological Reinflection",
    year = "2017",
    pages = "31--39",
    address = "Vancouver"
}

@inproceedings{KimDHR17,
  author    = {Yoon Kim and
               Carl Denton and
               Luong Hoang and
               Alexander M. Rush},
  title     = {Structured Attention Networks},
  booktitle = {5th International Conference on Learning Representations, {ICLR} 2017,
               Toulon, France, April 24-26, 2017, Conference Track Proceedings},
  year      = {2017}
}

@InProceedings{taule18,
  author = 	 {Taul\'e, M. and Rangel, F. and Martí, M. A. and Rosso, P.},
  title = 	 {Overview of the Task on Multimodal Stance Detection in Tweets on Catalan 1Oct Referendum},
  booktitle =    {IberEval 2018. CEUR Workshop Proceedings. CEUR-WS.org},
  pages = 	 {149-166},
  year = 	 {2018},
  address = 	 {Sevilla, Spain}}
  
@inproceedings{akbik-etal-2018-contextual,
    title = {Contextual String Embeddings for Sequence},
    author = {Akbik, Alan  and Blythe, Duncan  and Vollgraf, Roland},
    booktitle = {Proceedings of the 27th International Conference on Computational Linguistics},
    year = {2018},
    address = {Santa Fe, New Mexico, USA},
    pages = {1638--1649}
}

@inproceedings{mohammad-etal-2016-semeval,
    title = {SemEval-2016 Task 6: Detecting Stance in Tweets},
    author = {Mohammad, Saif  and
      Kiritchenko, Svetlana  and
      Sobhani, Parinaz  and
      Zhu, Xiaodan  and
      Cherry, Colin},
    booktitle = {Proceedings of the 10th International Workshop on Semantic Evaluation ({S}em{E}val-2016)},
    year = {2016},
    address = {San Diego, California},
    pages = {31--41},
}

@inproceedings{mohammadSK16,
  author    = {Parinaz Sobhani and
               Saif Mohammad and
               Svetlana Kiritchenko},
  title     = {Detecting Stance in Tweets And Analyzing its Interaction with Sentiment},
  booktitle = {Proceedings of the Fifth Joint Conference on Lexical and Computational
               Semantics, *SEM@ACL 2016, Berlin, Germany, 11-12 August 2016},
  year      = {2016}
}

@Book{jurafski18,
  author = 	 {Jurafsky, Daniel and Martin, James H.},
  title = 	 {Speech and Language Processing (3d Edition)},
  publisher = {Prentice-Hall, Inc.},
  year = 	 {2018},
  address =  {Upper Saddle River, NJ, USA}
}

@book{rajaraman_ullman_2011,
title={Mining of Massive Datasets},
publisher={Cambridge University Press},
author={Rajaraman, Anand and Ullman, Jeffrey David},
year={2011},
publisher = {Cambridge University Press},
address={Cambridge}
}

@Article{guyon03,
  author = 	 {Guyon Isabelle, Elisseeff André},
  title = 	 {An Introduction to Variable and Feature Selection},
  journal =  {Journal of Machine Learning Research},
  year = 	 {2003},
  volume    = {3},
  number = 	 {4},
  pages =   {1157-1182}
}

@Book{hofmann13,
  author = 	 {Hofmann Markus, Klinkenberg Ralf},
  title = 	 {RapidMiner: Data Mining Use Cases and Business Analytics Applications  (Chapman and Hall, CRC Data Mining and Knowledge Discovery Series)},
  publisher = {CRC Press},
  year = 	 {2013},
  address = {Florida, USA}
}

@InProceedings{Joachims98,
author="Joachims, Thorsten",
title="Text categorization with Support Vector Machines: Learning with many relevant features",
booktitle="Machine Learning: ECML-98",
year="1998",
pages="137-142",
address="Berlin, Heidelberg"
}

@Article{Cortes1995,
author={Cortes, Corinna and Vapnik, Vladimir},
title={Support-Vector Networks},
journal={Machine Learning},
year={1995},
volume={20},
number={3},
pages={273-297}
}

@article{Fan2005,
 author = {Fan, Rong-En and Chen, Pai-Hsuen and Lin, Chih-Jen},
 title = {Working Set Selection Using Second Order Information for Training Support Vector Machines},
 journal = {J. Mach. Learn. Res.},
 year = {2005},
 volume = {6},
 pages = {1889-1918},
}

@inproceedings{joulin-etal-2017-bag,
    title = "Bag of Tricks for Efficient Text Classification",
    author = "Joulin, Armand  and
      Grave, Edouard  and
      Bojanowski, Piotr  and
      Mikolov, Tomas",
    booktitle = "Proceedings of the 15th Conference of the {E}uropean Chapter of the Association for Computational Linguistics: Volume 2, Short Papers",
    year = "2017",
    address = "Valencia, Spain",
    pages = "427-431"
}

@inproceedings{Grave18,
  author    = {Edouard Grave and
               Piotr Bojanowski and
               Prakhar Gupta and
               Armand Joulin and
               Tomas Mikolov},
  title     = {Learning Word Vectors for 157 Languages},
  booktitle = {Proceedings of the Eleventh International Conference on Language Resources
               and Evaluation, {LREC} 2018, Miyazaki, Japan, May 7-12, 2018.},
  year      = {2018}
}

@Article{mikolov13,
  author = 	 {Tomas Mikolov and Kai Chen and Greg Corrado and Jeffrey Dean},
  title = 	 {Efficient Estimation of Word Representations in Vector Space},
  journal =  {Computation and Language (cs.CL)},
  year = 	 {2013}
}


@inproceedings{Anselmo17,
  author    = {Edilson Anselmo Corr{\^{e}}a J{\'{u}}nior and
               Vanessa Queiroz Marinho and
               Leandro Borges dos Santos},
  title     = {{NILC-USP} at SemEval-2017 Task 4: {A} Multi-view Ensemble for Twitter
               Sentiment Analysis},
  booktitle = {Proceedings of the 11th International Workshop on Semantic Evaluation,
               SemEval@ACL 2017, Vancouver, Canada, August 3-4, 2017},
  pages     = {611--615},
  year      = {2017}
}

@article{Cedric16,
  author    = {Cedric De Boom and
               Steven Van Canneyt and
               Thomas Demeester and
               Bart Dhoedt},
  title     = {Representation learning for very short texts using weighted word embedding
               aggregation},
  journal   = {Pattern Recognition Letters},
  volume    = {80},
  pages     = {150--156},
  year      = {2016}
}

@inproceedings{socher-etal-2013-recursive,
    title = "Recursive Deep Models for Semantic Compositionality Over a Sentiment Treebank",
    author = "Socher, Richard  and
      Perelygin, Alex  and
      Wu, Jean  and
      Chuang, Jason  and
      Manning, Christopher D.  and
      Ng, Andrew  and
      Potts, Christopher",
    booktitle = "Proceedings of the 2013 Conference on Empirical Methods in Natural Language Processing",
    year = "2013",
    address = "Seattle, Washington, USA",
    pages = "1631--1642"
}

@article{Ben-Lhachemi18,
 author = {Ben-Lhachemi, Nada and Nfaoui, El Habib},
 title = {Using Tweets Embeddings For Hashtag Recommendation in Twitter},
 journal = {Procedia Comput. Sci.},
 volume = {127},
 number = {C},
 year = {2018},
 pages = {7-15},
}

@inproceedings{Pagliardini17,
  author    = {Matteo Pagliardini and
               Prakhar Gupta and
               Martin Jaggi},
  title     = {Unsupervised Learning of Sentence Embeddings Using Compositional n-Gram
               Features},
  booktitle = {Proceedings of the 2018 Conference of the North American Chapter of
               the Association for Computational Linguistics: Human Language Technologies,
               {NAACL-HLT} 2018, New Orleans, Louisiana, USA, June 1-6, 2018, Volume
               1 (Long Papers)},
  pages     = {528--540},
  year      = {2018}
}

@inproceedings{DBLP:journals/corr/KenterBR16,
  author    = {Tom Kenter and
               Alexey Borisov and
               Maarten de Rijke},
  title     = {Siamese {CBOW:} Optimizing Word Embeddings for Sentence Representations},
  booktitle = {Proceedings of the 54th Annual Meeting of the Association for Computational
               Linguistics, {ACL} 2016, August 7-12, 2016, Berlin, Germany, Volume
               1: Long Papers},
  year      = {2016}
}

@inproceedings{DBLP:journals/corr/PagliardiniGJ17,
  author    = {Matteo Pagliardini and
               Prakhar Gupta and
               Martin Jaggi},
  title     = {Unsupervised Learning of Sentence Embeddings Using Compositional n-Gram
               Features},
  booktitle = {Proceedings of the 2018 Conference of the North American Chapter of
               the Association for Computational Linguistics: Human Language Technologies,
               {NAACL-HLT} 2018, New Orleans, Louisiana, USA, June 1-6, 2018, Volume
               1 (Long Papers)},
  pages     = {528--540},
  year      = {2018}
}

@article{Pedregosa2011,
 author = {Pedregosa, Fabian and Varoquaux, Ga\"{e}l and Gramfort, Alexandre and Michel, Vincent and Thirion, Bertrand and Grisel, Olivier and Blondel, Mathieu and Prettenhofer, Peter and Weiss, Ron and Dubourg, Vincent and Vanderplas, Jake and Passos, Alexandre and Cournapeau, David and Brucher, Matthieu and Perrot, Matthieu and Duchesnay, \'{E}douard},
 title = {Scikit-learn: Machine Learning in Python},
 journal = {J. Mach. Learn. Res.},
 volume = {12},
 year = {2011},
 pages = {2825--2830}
}

@inproceedings{vrehruvrek2010software,
  author = {{\v R}eh{\r u}{\v r}ek, Radim and Sojka, Petr},
  booktitle = {{Proceedings of the LREC 2010 Workshop on New Challenges for NLP Frameworks}},
  title = {{Software Framework for Topic Modelling with Large Corpora}},
  year = 2010,
  pages = {45-50},
  address = {Valletta, Malta},
}

@Book{Aggarwal12,
  author = 	 {Aggarwal, Charu C. and Zhai, ChengXiang},
  title = 	 {Mining Text Data},
  publisher = {Kluwer Academic Publishers},
  year = 	 {2012},
  address =  {Boston/Dordrecht/London}
}

@book{Cover91,
 author = {Cover, Thomas M. and Thomas, Joy A.},
 title = {Elements of Information Theory},
 year = {1991},
 publisher = {Wiley-Interscience},
 address = {New York, NY, USA},
}

@inproceedings{Segura-Bedmar18,
  author    = {Isabel Segura{-}Bedmar},
  title     = {LABDA's Early Steps Toward Multimodal Stance Detection},
  booktitle = {Proceedings of the Third Workshop on Evaluation of Human Language
               Technologies for Iberian Languages (IberEval 2018) co-located with
               34th Conference of the Spanish Society for Natural Language Processing
               {(SEPLN} 2018), Sevilla, Spain, September 18th, 2018.},
  volume    = {2150},
  pages     = {180-186},
  year      = {2018},
}

@inproceedings{Cuquerella2018CriCaTM,
  title={CriCa Team: MultiModal Stance Detection in Tweets on Catalan 1Oct Referendum (MultiStanceCat)},
  author={Carlos Almendros Cuquerella and Crist{\'o}bal Cervantes Rodr{\'i}guez},
  booktitle={IberEval@SEPLN},
  year={2018}
}

@book{hastie01statisticallearning,
  author = {Hastie, Trevor and Tibshirani, Robert and Friedman, Jerome},
  title = {The Elements of Statistical Learning},
  publisher = {Springer New York Inc.},
  year = 2001,
  address = {New York, NY, USA},
}

@ARTICLE{Schuster97,
    author = {Mike Schuster and Kuldip K. Paliwal and A. General},
    title = {Bidirectional recurrent neural networks},
    journal = {IEEE Transactions on Signal Processing},
    volume = {45},
    year = {1997},
    pages = {2673--2681},
}

@article{Hochreiter1997,
 author = {Hochreiter, Sepp and Schmidhuber, J\"{u}rgen},
 title = {Long Short-Term Memory},
 journal = {Neural Comput.},
 volume = {9},
 number = {8},
 year = {1997},
 pages = {1735-1780}
}

@article{ReimersG17,
  author    = {Nils Reimers and
               Iryna Gurevych},
  title     = {Optimal Hyperparameters for Deep LSTM-Networks for Sequence Labeling Tasks},
  journal   = {CoRR},
  volume    = {abs/1707.06799},
  year      = {2017}
}

@article{srivastava14a,
  author  = {Nitish Srivastava and Geoffrey Hinton and Alex Krizhevsky and Ilya Sutskever and Ruslan Salakhutdinov},
  title   = {Dropout: A Simple Way to Prevent Neural Networks from Overfitting},
  journal = {Journal of Machine Learning Research},
  year    = {2014},
  volume  = {15},
  pages   = {1929-1958}
}

@inproceedings{augenstein-etal-2016-stance,
    title = "Stance Detection with Bidirectional Conditional Encoding",
    author = {Augenstein, Isabelle  and
      Rockt{\"a}schel, Tim  and
      Vlachos, Andreas  and
      Bontcheva, Kalina},
    booktitle = "Proceedings of the 2016 Conference on Empirical Methods in Natural Language Processing",
    year = "2016",
    address = "Austin, Texas",
    pages = "876--885",
}

@article{BovetMM16,
  author    = {Alexandre Bovet and
               Flaviano Morone and
               Hern{\'{a}}n A. Makse},
  title     = {Predicting election trends with Twitter: Hillary Clinton versus Donald Trump},
  journal   = {CoRR},
  volume    = {abs/1610.01587},
  year      = {2016}
}

@inproceedings{Nair:2010:RLU:3104322.3104425,
 author = {Nair, Vinod and Hinton, Geoffrey E.},
 title = {Rectified Linear Units Improve Restricted Boltzmann Machines},
 booktitle = {Proceedings of the 27th International Conference on International Conference on Machine Learning},
 year = {2010},
 pages = {807--814},
 address = {USA},
}

@incollection{Bengio2012,
  author    = {Yoshua Bengio},
  title     = {Practical Recommendations for Gradient-Based Training of Deep Architectures},
  booktitle = {Neural Networks: Tricks of the Trade - Second Edition},
  pages     = {437--478},
  year      = {2012}
}

@ARTICLE{Jones72astatistical,
    author = {Karen Spärck Jones},
    title = {A statistical interpretation of term specificity and its application in retrieval},
    journal = {Journal of Documentation},
    year = {1972},
    volume = {28},
    pages = {11--21}
}

@article{Luhn:1957:SAM:1661832.1661836,
 author = {Luhn, H. P.},
 title = {A Statistical Approach to Mechanized Encoding and Searching of Literary Information},
 journal = {IBM J. Res. Dev.},
 volume = {1},
 number = {4},
 year = {1957},
 pages = {309--317}
} 

@book{Cover:2006:EIT:1146355,
 author = {Cover, Thomas M. and Thomas, Joy A.},
 title = {Elements of Information Theory (Wiley Series in Telecommunications and Signal Processing)},
 year = {2006},
 publisher = {Wiley-Interscience},
 address = {New York, NY, USA},
} 

@inproceedings{Wei:2018:MSD:3209978.3210145,
 author = {Wei, Penghui and Lin, Junjie and Mao, Wenji},
 title = {Multi-Target Stance Detection via a Dynamic Memory-Augmented Network},
 booktitle = {The 41st International ACM SIGIR Conference on Research \&\#38; Development in Information Retrieval},
 year = {2018},
 pages = {1229-1232},
 address = {New York, NY, USA}
} 

@inproceedings{pontiki-etal-2015-semeval,
    title = "{S}em{E}val-2015 Task 12: Aspect Based Sentiment Analysis",
    author = "Pontiki, Maria  and
      Galanis, Dimitris  and
      Papageorgiou, Haris  and
      Manandhar, Suresh  and
      Androutsopoulos, Ion",
    booktitle = "Proceedings of the 9th International Workshop on Semantic Evaluation ({S}em{E}val 2015)",
    year = "2015",
    address = "Denver, Colorado",
    pages = "486--495",
}

@inproceedings{DBLP:journals/corr/ZarrellaM16,
  author    = {Guido Zarrella and
               Amy Marsh},
  title     = {{MITRE} at SemEval-2016 Task 6: Transfer Learning for Stance Detection},
  booktitle = {Proceedings of the 10th International Workshop on Semantic Evaluation,
               SemEval@NAACL-HLT 2016, San Diego, CA, USA, June 16-17, 2016},
  pages     = {458--463},
  year      = {2016}
}

@article{BoyntonR16,
  author    = {G. R. Boynton and
               Glenn W. Richardson Jr.},
  title     = {Agenda setting in the twenty-first century},
  journal   = {New Media {\&} Society},
  volume    = {18},
  number    = {9},
  pages     = {1916--1934},
  year      = {2016},
}

@inproceedings{sobhani-etal-2016-detecting,
    title = "Detecting Stance in Tweets And Analyzing its Interaction with Sentiment",
    author = "Sobhani, Parinaz  and
      Mohammad, Saif  and
      Kiritchenko, Svetlana",
    booktitle = "Proceedings of the Fifth Joint Conference on Lexical and Computational Semantics",
    year = "2016",
    address = "Berlin, Germany",
    pages = "159--169",
}

@inproceedings{ghanem-etal-2018-stance,
    title = "Stance Detection in Fake News A Combined Feature Representation",
    author = "Ghanem, Bilal  and
      Rosso, Paolo  and
      Rangel, Francisco",
    booktitle = "Proceedings of the First Workshop on Fact Extraction and {VER}ification ({FEVER})",
    year = "2018",
    address = "Brussels, Belgium",
    pages = "66-71"
}

@inproceedings{Thomas06a, 
author = {Matt Thomas and Bo Pang and Lillian Lee}, 
title = {Get out the vote: Determining support or opposition from {Congressional} floor-debate transcripts}, 
booktitle = {Proceedings of EMNLP},
year = {2006}, 
pages = {327--335}
}

@inproceedings{somasundaran-wiebe-2009-recognizing,
    title = {Recognizing Stances in Online Debates},
    author = {Somasundaran, Swapna  and
      Wiebe, Janyce},
    booktitle = {Proceedings of the Joint Conference of the 47th Annual Meeting of the {ACL} and the 4th International Joint Conference on Natural Language Processing of the {AFNLP}},
    year = {2009},
    address = {Suntec, Singapore},
    pages = {226--234}
}

@inproceedings{murakami-raymond-2010-support,
    title = "Support or Oppose? Classifying Positions in Online Debates from Reply Activities and Opinion Expressions",
    author = "Murakami, Akiko  and
      Raymond, Rudy",
    booktitle = "Coling 2010: Posters",
    year = "2010",
    address = "Beijing, China",
    pages = "869--875",
}

@inproceedings{Anand:2011:CRD:2107653.2107654,
 author = {Anand, Pranav and Walker, Marilyn and Abbott, Rob and Tree, Jean E. Fox and Bowmani, Robeson and Minor, Michael},
 title = {Cats Rule and Dogs Drool!: Classifying Stance in Online Debate},
 booktitle = {Proceedings of the 2Nd Workshop on Computational Approaches to Subjectivity and Sentiment Analysis},
 year = {2011},
 pages = {1--9},
 address = {Stroudsburg, PA, USA},
} 

@inproceedings{walker-etal-2012-stance,
    title = "Stance Classification using Dialogic Properties of Persuasion",
    author = "Walker, Marilyn  and
      Anand, Pranav  and
      Abbott, Rob  and
      Grant, Ricky",
    booktitle = "Proceedings of the 2012 Conference of the North {A}merican Chapter of the Association for Computational Linguistics: Human Language Technologies",
    year = "2012",
    address = "Montr{\'e}al, Canada",
    pages = "592--596",
}

@inproceedings{hasan-ng-2014-taking,
    author = "Hasan, Kazi Saidul  and
      Ng, Vincent",
    title = "Why are You Taking this Stance? Identifying and Classifying Reasons in Ideological Debates",
    booktitle = "Proceedings of the 2014 Conference on Empirical Methods in Natural Language Processing ({EMNLP})",
    year = "2014",
    address = "Doha, Qatar",
    pages = "751-762",
}

@inproceedings{sridhar-etal-2014-collective,
    title = "Collective Stance Classification of Posts in Online Debate Forums",
    author = "Sridhar, Dhanya  and
      Getoor, Lise  and
      Walker, Marilyn",
    booktitle = "Proceedings of the Joint Workshop on Social Dynamics and Personal Attributes in Social Media",
    year = "2014",
    address = "Baltimore, Maryland",
    pages = "109--117",
}

@InProceedings{pontiki14,
  author = 	 {Maria Pontiki and
            Dimitrios Galanis and
            John Pavlopoulos and 
            Ion Androutsopoulos and
            Suresh Manandhar
            },
  title = 	 {Proceedings of the 8th International Workshop on Semantic Evaluation (SemEval 2014), pages 27–35,Dublin, Ireland, August 23-24, 2014.SemEval-2014 Task 4: Aspect Based Sentiment Analysis},
  booktitle =    {Proceedings of the 8th International Workshop on Semantic Evaluation (SemEval 2014)},
  pages = 	 {27–35},
  year = 	 {2014},
  address = {Dublin, Ireland}
}

@article{Poria2016,
 author = {Poria, Soujanya 
 and Cambria, Erik
 and Gelbukh, Alexander},
 title = {Aspect Extraction for Opinion Mining with a Deep Convolutional Neural Network},
 journal = {Know.-Based Syst.},
 volume = {108},
 number = {C},
 year = {2016},
 pages = {42--49},
} 

@inproceedings{DBLP:journals/corr/RajadesinganL14,
  author    = {Ashwin Rajadesingan and
               Huan Liu},
  title     = {Identifying Users with Opposing Opinions in Twitter Debates},
  booktitle = {Social Computing, Behavioral-Cultural Modeling and Prediction - 7th
               International Conference, {SBP} 2014, Washington, DC, USA, April 1-4,
               2014. Proceedings},
  pages     = {153--160},
  year      = {2014}
}

@ARTICLE{Graves05,
    author = {Alex Graves and Jürgen Schmidhuber},
    title = {Framewise phoneme classification with bidirectional LSTM and other neural network architectures},
    journal = {NEURAL NETWORKS},
    year = {2005},
    pages = {5--6}
}

@InProceedings{Bosco16,
  author = 	 {Bosco, Cristina and Lai, Mirko and Patti, Viviana and Rangel, Francisco M. and Rosso, Paolo},
  title = 	 {Tweeting in the Debate about Catalan Elections},
  booktitle =    {In: Proc. LREC workshop on Emotion and Sentiment Analysis Workshop (ESA), LREC-2016},
  pages = 	 {67-70},
  year = 	 {2016},
  address = 	 {Portorož, Slovenia}
}

@inproceedings{Lai2017iTACOSAI,
  title={iTACOS at IberEval2017: Detecting Stance in Catalan and Spanish Tweets},
  author={Mirko Lai and Alessandra Teresa Cignarella and Delia Iraz{\'u} Hern{\'a}ndez Far{\'i}as},
  booktitle={IberEval@SEPLN},
  year={2017}
}

@InProceedings{taule17,
  author = 	 {Mariona Taule and M. Antonia Martí and Francisco Rangel and Paolo Rosso and Cristina Bosco and and Viviana Pattí},
  title = 	 {Overview of the Task on Stance and Gender Detection in Tweets on Catalan Independence IberEval 2017},
  booktitle =    {Proceedings of the Second Workshop on Evaluation of Human Language Technologies for Iberian Languages (IberEval 2017)},
  pages = 	 {158-177},
  year = 	 {2017},
  address = {Murcia, Spain}
}

@inproceedings{wei-etal-2016-pkudblab,
    title = "pkudblab at {S}em{E}val-2016 Task 6 : A Specific Convolutional Neural Network System for Effective Stance Detection",
    author = "Wei, Wan  and
      Zhang, Xiao  and
      Liu, Xuqin  and
      Chen, Wei  and
      Wang, Tengjiao",
    booktitle = "Proceedings of the 10th International Workshop on Semantic Evaluation ({S}em{E}val-2016)",
    month = jun,
    year = "2016",
    address = "San Diego, California",
    publisher = "Association for Computational Linguistics",
    url = "https://www.aclweb.org/anthology/S16-1062",
    doi = "10.18653/v1/S16-1062",
    pages = "384--388",
}

@InProceedings{Liu16,
  author = 	"Liu, Can and Li, Wen and Demarest, Bradford and Chen, Yue and Couture, Sara and Dakota, Daniel and Haduong, Nikita and Kaufman, Noah and Lamont, Andrew and Pancholi, Manan and Steimel, Kenneth and K{\"u}bler, Sandra",
  title = 	"IUCL at SemEval-2016 Task 6: An Ensemble Model for Stance Detection in Twitter",
  booktitle = 	"Proceedings of the 10th International Workshop on Semantic Evaluation (SemEval-2016)",
  year = 	"2016",
  pages = 	"394--400",
  address = 	"San Diego, California"
}

@inproceedings{VijayaraghavanS16,
  author    = {Prashanth Vijayaraghavan and
               Ivan Sysoev and
               Soroush Vosoughi and
               Deb Roy},
  title     = {DeepStance at SemEval-2016 Task 6: Detecting Stance in Tweets Using
               Character and Word-Level CNNs},
  booktitle = {Proceedings of the 10th International Workshop on Semantic Evaluation,
               SemEval@NAACL-HLT 2016, San Diego, CA, USA, June 16-17, 2016},
  pages     = {413--419},
  year      = {2016}
}

@inproceedings{krejzl-steinberger-2016-uwb,
    author = "Krejzl, Peter  and Steinberger, Josef", 
    title = "{UWB} at {S}em{E}val-2016 Task 6: Stance Detection",
    booktitle = "Proceedings of the 10th International Workshop on Semantic Evaluation ({S}em{E}val-2016)",
    year = "2016",
    address = "San Diego, California",
    pages = "408--412",
}

@inproceedings{mikolov2013b,
  author    = {Tomas Mikolov and
               Kai Chen and
               Greg Corrado and
               Jeffrey Dean},
  title     = {Efficient Estimation of Word Representations in Vector Space},
  booktitle = {1st International Conference on Learning Representations, {ICLR} 2013,
               Scottsdale, Arizona, USA, May 2-4, 2013, Workshop Track Proceedings},
  year      = {2013},
}

@inproceedings{lample-etal-2016-neural,
    title = "Neural Architectures for Named Entity Recognition",
    author = "Lample, Guillaume  and
      Ballesteros, Miguel  and
      Subramanian, Sandeep  and
      Kawakami, Kazuya  and
      Dyer, Chris",
    booktitle = "Proceedings of the 2016 Conference of the North {A}merican Chapter of the Association for Computational Linguistics: Human Language Technologies",
    year = "2016",
    address = "San Diego, California",
    pages = "260--270",
}

@inproceedings{ma-hovy-2016-end,
    title = "End-to-end Sequence Labeling via Bi-directional {LSTM}-{CNN}s-{CRF}",
    author = "Ma, Xuezhe  and Hovy, Eduard",
    booktitle = "Proceedings of the 54th Annual Meeting of the Association for Computational Linguistics (Volume 1: Long Papers)",
    year = "2016",
    address = "Berlin, Germany",
    pages = "1064--1074",
}

@inproceedings{Peters2018,
  author    = {Matthew E. Peters and Mark Neumann and Mohit Iyyer and Matt Gardner and Christopher Clark and Kenton Lee and Luke Zettlemoyer},
  title     = {Deep Contextualized Word Representations},
  booktitle = {Proceedings of the 2018 Conference of the North American Chapter of
               the Association for Computational Linguistics: Human Language Technologies,
               {NAACL-HLT} 2018, New Orleans, Louisiana, USA, June 1-6, 2018, Volume
               1 (Long Papers)},
  pages     = {2227--2237},
  year      = {2018}
}

@inproceedings{pennington2014glove,
  author = {Jeffrey Pennington and Richard Socher and Christopher D. Manning},
  booktitle = {Empirical Methods in Natural Language Processing (EMNLP)},
  title = {GloVe: Global Vectors for Word Representation},
  year = {2014},
  pages = {1532--1543}
}

@inproceedings{Mohammad2016ADF,
  title={A Dataset for Detecting Stance in Tweets},
  author={Saif Mohammad and Svetlana Kiritchenko and Parinaz Sobhani and Xiao-Dan Zhu and Colin Cherry},
  booktitle={LREC},
  year={2016},
  pages = {3945-3952}
}

@article{garcia18,
  author    = {Aitor Garc{\'{\i}}a Pablos and
               Montse Cuadros and
               German Rigau},
  title     = {{W2VLDA:} Almost unsupervised system for Aspect Based Sentiment Analysis},
  journal   = {Expert Syst. Appl.},
  volume    = {91},
  pages     = {127--137},
  year      = {2018}
}

@article{Chen16,
    author = "Tao Chen and Ruifeng Xu and Yulan He and Xuan Wang",
    title = "Improving sentiment analysis via sentence type classification using BiLSTM-CRF and CNN", 
    year = "2017",
    volume = "72",
    pages = "221--230",
    journal = "Expert Systems with Applications",
}

@inproceedings{Bergstra:2013:MSM:3042817.3042832,
 author = {Bergstra, J. and Yamins, D. and Cox, D. D.},
 title = {Making a Science of Model Search: Hyperparameter Optimization in Hundreds of Dimensions for Vision Architectures},
 booktitle = {Proceedings of the 30th International Conference on International Conference on Machine Learning - Volume 28},
 year = {2013},
 pages = {I-115--I-123}
} 

@Article{araque17,
  author = 	 {Oscar Araque and 
  Ignacio Corcuera-Platas and 
  J. Fernando Sánchez-Rada and 
  Carlos A. Iglesias},
  title = 	 {Enhancing deep learning sentiment analysis with ensemble techniques in social applications},
  journal = 	 {Expert Systems with Applications},
  year = 	 {2017},
  volume = 	 {77},
  number = 	 {1},
  pages =    {236–246}
}

@book{Hill2013,
 author = {Hill, Craig A. and Dean, Elizabeth and Murphy, Joe},
 title = {Social Media, Sociality, and Survey Research},
 year = {2013},
 publisher = {Wiley Publishing},
} 

@inproceedings{sun-etal-2018-stance,
    title = "Stance Detection with Hierarchical Attention Network",
    author = "Sun, Qingying  and
      Wang, Zhongqing  and
      Zhu, Qiaoming  and
      Zhou, Guodong",
    booktitle = "Proceedings of the 27th International Conference on Computational Linguistics",
    year = "2018",
    pages = "2399--2409", 
    address = "Santa Fe, New Mexico, USA"
}

@inproceedings{rehurek_lrec,
      title = {{Software Framework for Topic Modelling with Large Corpora}},
      author = {Radim {\v R}eh{\r u}{\v r}ek and Petr Sojka},
      booktitle = {{Proceedings of the LREC 2010 Workshop on New
           Challenges for NLP Frameworks}},
      pages = {45--50},
      year = 2010,
      address = {Valletta, Malta}
}

@article{Sokolova:2009,
 author = {Sokolova, Marina and Lapalme, Guy},
 title = {A Systematic Analysis of Performance Measures for Classification Tasks},
 journal = {Inf. Process. Manage.},
 volume = {45},
 number = {4},
 year = {2009},
 pages = {427--437}
} 

=====
@Article{allen00,
  author = 	 {},
  title = 	 {},
  journal = 	 {Natural Language Engineering},
  year = 	 {2000},
  volume = 	 {5},
  number = 	 {4}
}

@Article{carleta96,
  author = 	 {J Carletta},
  title = 	 {Assessing agreement on classification task: the kappa statistic},
  journal = 	 {Computational Linguistics},
  year = 	 {1996},
  volume = 	 {22},
  number = 	 {2},
  pages =        {249-254}
}

@Book{casares94,
  author = 	 {J. Casares},
  title = 	 {Diccionario ideológico de la lengua española},
  publisher = 	 {Gustavo Gili},
  year = 	 {1994},
  address = 	 {Barcelona}
}

%. 1994. . Technical report

@TechReport{ersan94,
  author = 	 {E. Ersan and V. Akman},
  title = 	 {Focusing for pronoun resolution in english discourse},
  institution =  {Bilkent University. Department of Computer Engineering and Information Science.},
  year = 	 {1994},
  key = 	 {BU-CEIS-94-29}
}

@InProceedings{mmmmmmm,
  author = 	 {},
  title = 	 {},
  booktitle =    {},
  pages = 	 {149-166},
  year = 	 {2018},
  address = 	 {Sevilla, Spain}
}
