@article{Blei:2003:LDA:944919.944937,
 author = {Blei, David M. and Ng, Andrew Y. and Jordan, Michael I.},
 title = {Latent Dirichlet Allocation},
 journal = {J. Mach. Learn. Res.},
 issue_date = {3/1/2003},
 volume = {3},
 month = mar,
 year = {2003},
 issn = {1532-4435},
 pages = {993--1022},
 numpages = {30},
 url = {http://dl.acm.org/citation.cfm?id=944919.944937},
 acmid = {944937},
 publisher = {JMLR.org},
} 

@unpublished{McCallumMALLET,
     author = "Andrew Kachites McCallum",
     title = "MALLET: A Machine Learning for Language Toolkit",
     note = "http://mallet.cs.umass.edu",
     year = 2002}
     

@article{SNA2002,
author = {Evelien Otte and Ronald Rousseau},
title ={Social network analysis: a powerful strategy, also for the information sciences},
journal = {Journal of Information Science},
volume = {28},
number = {6},
pages = {441-453},
year = {2002},
}